@article{ref01,
    author = {D. J. McDonough and X. Su and Z. Gao},
    year = {2021},
    month = {03},
    title = "{Health wearable devices for weight and BMI reduction in individuals with overweight/obesity and chronic comorbidities: systematic review and network meta-analysis}",
    journal = {British Journal of Sports Medicine},
    url = {https://bjsm.bmj.com/content/early/2021/02/09/bjsports-2020-103594},
    doi = {10.1136/bjsports-2020-103594},
}

@article{ref02,
    author = {Jakicic, John M. and Davis, Kelliann K. and Rogers, Renee J. and King, Wendy C. and Marcus, Marsha D. and Helsel, Diane and Rickman, Amy D. and Wahed, Abdus S. and Belle, Steven H.},
    title = "{Effect of Wearable Technology Combined With a Lifestyle Intervention on Long-term Weight Loss: The IDEA Randomized Clinical Trial}",
    journal = {JAMA},
    volume = {316},
    number = {11},
    pages = {1161-1171},
    year = {2016},
    month = {09},
    issn = {0098-7484},
    doi = {10.1001/jama.2016.12858},
    url = {https://doi.org/10.1001/jama.2016.12858},
}

@article{ref03,
    author = {Blaine Reeder and Alexandria David},
    title = {Health at hand: A systematic review of smart watch uses for health and wellness},
    journal = {Journal of Biomedical Informatics},
    volume = {63},
    pages = {269-276},
    year = {2016},
    month = {09},
    issn = {1532-0464},
    doi = {https://doi.org/10.1016/j.jbi.2016.09.001},
    url = {https://www.sciencedirect.com/science/article/pii/S1532046416301137},
}

@article{ref04,
    author = {{John Hopkins Medicine}},
    title = {{Could a Fitness Tracker Boost Your Heart Health?}},
    url = {https://www.hopkinsmedicine.org/health/wellness-and-prevention/could-a-fitness-tracker-boost-your-heart-health},
}

@article{ref05,
    author = "{Wikipedia contributors}",
    title = "Wearable technology --- {Wikipedia}{,} The Free Encyclopedia",
    year = "2021",
    url = "https://en.wikipedia.org/w/index.php?title=Wearable_technology&oldid=1015506341",
    note = "[Online; accessed 29-April-2021]"
}

@article{ref06,
    title = "PRISMA: Transparent Reporting of Systematic Reviews and Meta-Analyses",
    url = "http://www.prisma-statement.org/"
}

@article{ref07,
    author = "{Juntti, M., Men's Journal}",
    title = "Do Fitness Trackers Actually Help You Get Fit? What the Science Says",
    url = "https://www.mensjournal.com/health-fitness/do-fitness-trackers-actually-help-you-get-fit-what-the-science-says-w445205/"
}